<record xmlns="http://www.loc.gov/MARC21/slim" xmlns:xsi="http://www.w3.org/2001/XMLSchema-instance" xsi:schemaLocation="http://www.loc.gov/MARC21/slim http://www.loc.gov/standards/marcxml/schema/MARC21slim.xsd"><leader>00390nz   2200121n  4500</leader><controlfield tag="001">oca04999818 </controlfield><controlfield tag="005">19990602163202.7</controlfield><controlfield tag="008">990602n| acannaab|          |n aaa |||  </controlfield><datafield ind1=" " ind2=" " tag="010"><subfield code="a">n  99041141 </subfield></datafield><datafield ind1=" " ind2=" " tag="040"><subfield code="a">DLC</subfield><subfield code="b">eng</subfield><subfield code="c">DLC</subfield></datafield><datafield ind1="0" ind2=" " tag="100"><subfield code="a">Hermesianax,</subfield><subfield code="c">of Colophon</subfield></datafield><datafield ind1=" " ind2=" " tag="670"><subfield code="a">A stylistic commentary on Hermesianax, 1998.</subfield></datafield><datafield ind1=" " ind2=" " tag="670"><subfield code="a">Oxford class. dict., 1949</subfield><subfield code="b">(Hermesianax of Colophon, probably b. ca. 300 B.C.)</subfield></datafield></record>